
@article{solar-system-magnetospheres,
	author = {Blanc, M. and Kallenbach, R. and Erkaev, N. V.},
	journal = {Space Science Reviews},
	pages = {227--298},
	title = {Solar System Magnetospheres},
	volume = {116},
	date = {2005-01-01},
	doi = {10.1007/s11214-005-1958-y},
}

@article {cassini-2019,
	author = {Linda Spilker},
	title = {Cassini-Huygensâ€™ exploration of the Saturn system: 13 years of discovery},
	journal = {Science},
	volume = {364},
	number = {6445},
	pages = {1046-1051},
	year = {2019},
	doi = {10.1126/science.aat3760},
}

